<record><leader>00000cas a2200000 a 4500</leader><controlfield tag="001">27376915</controlfield><controlfield tag="008">930205d19401941cauwr ne      0    0rus c</controlfield><datafield ind1=" " ind2=" " tag="010"><subfield code="a">sn 93062845 </subfield></datafield><datafield ind1=" " ind2=" " tag="040"><subfield code="a">YOX</subfield><subfield code="b">eng</subfield><subfield code="c">YOX</subfield><subfield code="d">CNK</subfield><subfield code="d">NVF</subfield><subfield code="d">OCLCQ</subfield><subfield code="d">OCLCF</subfield><subfield code="d">CRL</subfield><subfield code="d">OCL</subfield></datafield><datafield ind1="1" ind2=" " tag="029"><subfield code="a">AU@</subfield><subfield code="b">000025874180</subfield></datafield><datafield ind1="0" ind2=" " tag="041"><subfield code="a">rus</subfield><subfield code="a">eng</subfield></datafield><datafield ind1=" " ind2=" " tag="042"><subfield code="a">pcc</subfield></datafield><datafield ind1=" " ind2=" " tag="043"><subfield code="a">n-us---</subfield></datafield><datafield ind1="0" ind2=" " tag="130"><subfield code="a">Russkie novosti (San Francisco, Calif. : 1940)</subfield></datafield><datafield ind1="1" ind2="0" tag="245"><subfield code="a">Russkie novosti =</subfield><subfield code="b">Russian news-life.</subfield></datafield><datafield ind1="3" ind2="1" tag="246"><subfield code="a">Russian news-life</subfield></datafield><datafield ind1="1" ind2="7" tag="246"><subfield code="a">Russkie novosti zhizn&#697;</subfield></datafield><datafield ind1=" " ind2=" " tag="260"><subfield code="a">San Francisco, Calif. :</subfield><subfield code="b">[s.n.]</subfield></datafield><datafield ind1=" " ind2=" " tag="300"><subfield code="a">v.</subfield></datafield><datafield ind1=" " ind2=" " tag="310"><subfield code="a">Weekly</subfield></datafield><datafield ind1="0" ind2=" " tag="362"><subfield code="a">Vol. 19, no. 40 (Oct. 4, 1940)- = [whole no.] 178-</subfield></datafield><datafield ind1="1" ind2=" " tag="362"><subfield code="a">Ceased in 1941.</subfield></datafield><datafield ind1=" " ind2=" " tag="500"><subfield code="a">"Weekly newspaper devoted to welfare of Russian speaking population in the U.S.A."</subfield></datafield><datafield ind1=" " ind2=" " tag="500"><subfield code="a">Publisher and editor: Peter Balakshin.</subfield></datafield><datafield ind1=" " ind2=" " tag="530"><subfield code="a">Also available on microfilm from University of California, Library Photographic Service.</subfield></datafield><datafield ind1=" " ind2=" " tag="588"><subfield code="a">Latest issue consulted: Vol. 21, no. 48 (Nov. 28, 1941) = [whole no.] 237.</subfield></datafield><datafield ind1=" " ind2=" " tag="546"><subfield code="a">Chiefly in Russian. Some in English.</subfield></datafield><datafield ind1=" " ind2="0" tag="650"><subfield code="a">Russians</subfield><subfield code="z">United States</subfield><subfield code="v">Newspapers.</subfield></datafield><datafield ind1=" " ind2="0" tag="650"><subfield code="a">Russian Americans</subfield><subfield code="v">Newspapers.</subfield></datafield><datafield ind1=" " ind2="0" tag="651"><subfield code="a">San Francisco (Calif.)</subfield><subfield code="v">Newspapers.</subfield></datafield><datafield ind1=" " ind2="7" tag="655"><subfield code="a">Newspapers.</subfield><subfield code="2">fast</subfield><subfield code="0">(OCoLC)fst01423814</subfield></datafield><datafield ind1=" " ind2="7" tag="650"><subfield code="a">Russian Americans.</subfield><subfield code="2">fast</subfield><subfield code="0">(OCoLC)fst01101969</subfield></datafield><datafield ind1=" " ind2="7" tag="650"><subfield code="a">Russians.</subfield><subfield code="2">fast</subfield><subfield code="0">(OCoLC)fst01102429</subfield></datafield><datafield ind1=" " ind2="7" tag="651"><subfield code="a">California</subfield><subfield code="z">San Francisco.</subfield><subfield code="2">fast</subfield><subfield code="0">(OCoLC)fst01204481</subfield></datafield><datafield ind1=" " ind2="7" tag="651"><subfield code="a">United States.</subfield><subfield code="2">fast</subfield><subfield code="0">(OCoLC)fst01204155</subfield></datafield><datafield ind1=" " ind2=" " tag="752"><subfield code="a">United States</subfield><subfield code="b">California</subfield><subfield code="c">San Francisco</subfield><subfield code="d">San Francisco.</subfield></datafield><datafield ind1="0" ind2="0" tag="780"><subfield code="t">Russkie novosti, Russkai&#65056;a&#65057; zhizn&#697;</subfield><subfield code="w">(DLC)sn 93062844</subfield><subfield code="w">(OCoLC)27376895</subfield></datafield><datafield ind1="0" ind2="0" tag="785"><subfield code="t">Russkai&#65056;a&#65057; zhizn&#697; (San Francisco, Calif. : 1941)</subfield><subfield code="x">1531-0841</subfield><subfield code="w">(DLC)sn 93062846</subfield><subfield code="w">(OCoLC)27376932</subfield></datafield></record>